<record><leader>00000cas a22000007a 4500</leader><controlfield tag="001">16935288</controlfield><controlfield tag="008">871104d18771uuuinuwr ne      0    0eng d</controlfield><datafield ind1=" " ind2=" " tag="010"><subfield code="a">sn 87056636 </subfield></datafield><datafield ind1=" " ind2=" " tag="040"><subfield code="a">NPI</subfield><subfield code="b">eng</subfield><subfield code="c">NPI</subfield><subfield code="d">OCLCQ</subfield></datafield><datafield ind1=" " ind2=" " tag="042"><subfield code="a">msc</subfield></datafield><datafield ind1="0" ind2=" " tag="130"><subfield code="a">Weekly news (Kendallville, Ind.)</subfield></datafield><datafield ind1="1" ind2="4" tag="245"><subfield code="a">The weekly news.</subfield></datafield><datafield ind1=" " ind2=" " tag="260"><subfield code="a">Kendallville, Ind. :</subfield><subfield code="b">A.S. Parker</subfield></datafield><datafield ind1=" " ind2=" " tag="310"><subfield code="a">Weekly</subfield></datafield><datafield ind1="1" ind2=" " tag="362"><subfield code="a">Began with Nov. 13, 1877 issue.</subfield></datafield><datafield ind1=" " ind2=" " tag="588"><subfield code="a">Description based on: Vol. 1, no. 8 (Jan. 4, 1878).</subfield></datafield><datafield ind1=" " ind2=" " tag="588"><subfield code="a">Latest issue consulted: Vol. 1, no. 10 (Jan. 18, 1878)</subfield></datafield><datafield ind1=" " ind2=" " tag="752"><subfield code="a">United States</subfield><subfield code="b">Indiana</subfield><subfield code="c">Noble</subfield><subfield code="d">Kendallville.</subfield></datafield><datafield ind1="0" ind2="0" tag="780"><subfield code="t">Garrett news</subfield><subfield code="w">(DLC)sn 87056214</subfield></datafield><datafield ind1="0" ind2="0" tag="785"><subfield code="t">Kendallville news (Kendallville, Ind. : 1903)</subfield><subfield code="w">(DLC)sn 86063080</subfield></datafield></record>